<record><leader>00000cas a22000007a 4500</leader><controlfield tag="001">19482833</controlfield><controlfield tag="008">890331d19331934moudn ne      0    0eng d</controlfield><datafield ind1=" " ind2=" " tag="010"><subfield code="a">sn 89066455 </subfield></datafield><datafield ind1=" " ind2=" " tag="040"><subfield code="a">MQN</subfield><subfield code="b">eng</subfield><subfield code="c">MQN</subfield><subfield code="d">OCLCQ</subfield></datafield><datafield ind1=" " ind2=" " tag="042"><subfield code="a">msc</subfield></datafield><datafield ind1="0" ind2="4" tag="245"><subfield code="a">The Daily republican-sun.</subfield></datafield><datafield ind1="3" ind2="0" tag="246"><subfield code="a">Sun</subfield></datafield><datafield ind1=" " ind2=" " tag="260"><subfield code="a">Boonville, Mo. :</subfield><subfield code="b">E.J. Melton,</subfield><subfield code="c">1933-1934.</subfield></datafield><datafield ind1=" " ind2=" " tag="300"><subfield code="a">v.</subfield></datafield><datafield ind1=" " ind2=" " tag="310"><subfield code="a">Daily (except Sun.)</subfield></datafield><datafield ind1="0" ind2=" " tag="362"><subfield code="a">Vol. 5, no. 8 (May 8, 1933)-v. 5, no. 232 (Jan. 31, 1934).</subfield></datafield><datafield ind1=" " ind2=" " tag="752"><subfield code="a">United States</subfield><subfield code="b">Missouri</subfield><subfield code="c">Cooper</subfield><subfield code="d">Boonville.</subfield></datafield><datafield ind1="0" ind2="4" tag="780"><subfield code="t">Sun (Boonville, Mo.)</subfield></datafield><datafield ind1="0" ind2="4" tag="780"><subfield code="t">Boonville republican (Boonville, Mo.)</subfield><subfield code="w">(DLC)sn8900066454</subfield></datafield><datafield ind1="0" ind2="0" tag="785"><subfield code="t">Cooper County republican</subfield></datafield></record>